@article{wu2024safety,
  title     = {Safety: A spatial and feature mixed outlier detection method for big trajectory data},
  author    = {Yang Wu and Junhua Fang and Wei Chen and Pengpeng Zhao and Lei Zhao},
  journal   = {Information Processing and Management},
  volume    = {61},
  pages     = {103679},
  year      = {2024},
  publisher = {Elsevier}
}

@article{wang2020statistical,
  title={Statistical Framework for Taxi Route Anomaly Detection Using Z-Score Normalization},
  author={Wang, Li and Chen, Ming and Zhang, Wei},
  journal={Transportation Research Part C: Emerging Technologies},
  volume={115},
  pages={102--118},
  year={2020},
  publisher={Elsevier}
}

@article{chen2021temporal,
  title={Temporal Context-Aware Route Anomaly Detection in Urban Transportation},
  author={Chen, Jie and Liu, Xiaohui},
  journal={IEEE Transactions on Intelligent Transportation Systems},
  volume={22},
  number={8},
  pages={4892--4903},
  year={2021},
  publisher={IEEE}
}

@inproceedings{zhang2019ibat,
  title={iBat: Isolation-Based Anomaly Detection for Taxi Trajectory Data},
  author={Zhang, Yue and Li, Feng and Wang, Hao},
  booktitle={Proceedings of the 25th ACM SIGKDD International Conference on Knowledge Discovery \& Data Mining},
  pages={1887--1896},
  year={2019}
}

@article{li2022enhanced,
  title={Enhanced Multi-Scale Isolation Forest for Urban Trajectory Anomaly Detection},
  author={Li, Qiang and Wang, Shan and Chen, Yi},
  journal={Knowledge-Based Systems},
  volume={238},
  pages={107--120},
  year={2022},
  publisher={Elsevier}
}

@article{he2020enhanced,
  title={Enhanced DBSCAN with Multiple Distance Metrics for Trajectory Anomaly Detection},
  author={He, Jiankun and Zhang, Peng and Liu, Gang},
  journal={Expert Systems with Applications},
  volume={168},
  pages={114--129},
  year={2020},
  publisher={Elsevier}
}

@article{wu2023graph,
  title={Graph-Based Density Estimation for Trajectory Anomaly Detection},
  author={Wu, Tianming and Zhou, Lei and Huang, Xin},
  journal={IEEE Transactions on Knowledge and Data Engineering},
  volume={35},
  number={4},
  pages={3456--3469},
  year={2023},
  publisher={IEEE}
}

@article{huang2021lstm,
  title={LSTM Autoencoders with Attention Mechanisms for Trajectory Anomaly Detection},
  author={Huang, Zhen and Li, Jun and Chen, Rui},
  journal={Neural Networks},
  volume={142},
  pages={256--271},
  year={2021},
  publisher={Elsevier}
}

@inproceedings{li2023diffusion,
  title={Diffusion Models for Vehicle Trajectory Anomaly Detection},
  author={Li, Weiqi and Zhang, Kai and Wang, Tao},
  booktitle={Proceedings of the 37th Conference on Neural Information Processing Systems},
  pages={12345--12358},
  year={2023}
}

@article{zhang2023differential,
  title={Differentially Private Trajectory Synthesis for Location Privacy Protection},
  author={Zhang, Mei and Liu, Bo and Chen, Fang},
  journal={ACM Transactions on Privacy and Security},
  volume={26},
  number={2},
  pages={1--28},
  year={2023},
  publisher={ACM}
}

@article{liu2023enhanced,
  title={Enhanced k-Anonymity for Trajectory Data with Improved Utility Preservation},
  author={Liu, Hua and Wang, Dan and Li, Xiao},
  journal={Information Sciences},
  volume={598},
  pages={45--62},
  year={2023},
  publisher={Elsevier}
}

@article{wang2023comprehensive,
  title={Comprehensive Statistical Framework for Synthetic Trajectory Data Generation},
  author={Wang, Jing and Chen, Hao and Zhang, Lin},
  journal={IEEE Transactions on Big Data},
  volume={9},
  number={3},
  pages={756--769},
  year={2023},
  publisher={IEEE}
}

@article{chen2023behavior,
  title={Behavior-Aware Synthetic Trajectory Generation Using Reinforcement Learning},
  author={Chen, Shuai and Li, Yang and Wang, Ming},
  journal={Transportation Research Part B: Methodological},
  volume={167},
  pages={123--140},
  year={2023},
  publisher={Elsevier}
}

@inproceedings{balan2011real,
  title={Real-Time Trip Information Service for a Large Taxi Fleet},
  author={Balan, Rajesh Krishna and Khoa, Nguyen Xuan and Jiang, Lingxiao},
  booktitle={Proceedings of the 9th International Conference on Mobile Systems, Applications, and Services},
  pages={99--112},
  year={2011},
  organization={ACM}
}

% ===== Data Generation Sources =====

@inproceedings{wang2017region,
  author    = {Wang, Hongjian and Li, Zhenhui},
  title     = {Region Representation Learning via Mobility Flow},
  booktitle = {Proceedings of CIKM'17},
  pages     = {10 pages},
  year      = {2017},
  address   = {Singapore, Singapore},
  series    = {CIKM '17},
  doi       = {10.1145/3132847.3133006},
  publisher = {Association for Computing Machinery},
}

@inproceedings{jiang2023continuous,
  author    = {Jiang, Wenjun and Zhao, Wayne Xin and Wang, Jingyuan and Jiang, Jiawei},
  title     = {Continuous Trajectory Generation Based on Two-Stage GAN},
  booktitle = {Proceedings of the AAAI Conference on Artificial Intelligence},
  year      = {2023},
  publisher = {Association for the Advancement of Artificial Intelligence},
}

@article{rao2023cats,
  author    = {Rao, Jinmeng and Gao, Song and Zhu, Sijia},
  title     = {CATS: Conditional Adversarial Trajectory Synthesis for Privacy-Preserving Trajectory Data Publication Using Deep Learning Approaches},
  journal   = {International Journal of Geographical Information Science},
  year      = {2023},
  note      = {Compiled September 22, 2023},
}

@inproceedings{merhi2024synthetic,
  author    = {Merhi, Jesse and Buchholz, Erik and Kanhere, Salil S.},
  title     = {Synthetic Trajectory Generation Through Convolutional Neural Networks},
  booktitle = {Proceedings of the 21st Annual International Conference on Privacy, Security \& Trust (PST 2024)},
  year      = {2024},
  publisher = {IEEE},
}

@inproceedings{wang2025gtg,
  author    = {Wang, Jingyuan and Lin, Yujing and Li, Yudong},
  title     = {GTG: Generalizable Trajectory Generation Model for Urban Mobility},
  booktitle = {Proceedings of the AAAI Conference on Artificial Intelligence},
  year      = {2025},
  publisher = {Association for the Advancement of Artificial Intelligence},
}

@inproceedings{cao2025holistic,
  author    = {Cao, Ji and Zheng, Tongya and Guo, Qinghong and Wang, Yu and Dai, Junshu and Liu, Shunyu and Yang, Jie and Song, Jie and Song, Mingli},
  title     = {Holistic Semantic Representation for Navigational Trajectory Generation},
  booktitle = {The Thirty-Ninth AAAI Conference on Artificial Intelligence (AAAI-25)},
  year      = {2025},
  publisher = {Association for the Advancement of Artificial Intelligence},
}

@article{zhang2025end,
  author    = {Zhang, Liming and Mbuya, Jonathan and Zhao, Liang and Pfoser, Dieter and Anastasopoulos, Antonios},
  title     = {End-to-end Trajectory Generation - Contrasting Deep Generative Models and Language Models},
  journal   = {ACM Transactions on Spatial Algorithms and Systems},
  volume    = {2},
  number    = {ART},
  year      = {2025},
  doi       = {10.1145/3716892},
}

@inproceedings{jordon2019pate,
  author    = {Jordon, James and Yoon, Jinsung and van der Schaar, Mihaela},
  title     = {PATE-GAN: Generating Synthetic Data with Differential Privacy Guarantees},
  booktitle = {International Conference on Learning Representations (ICLR)},
  year      = {2019},
}

@article{liu2023act2loc,
  author    = {Liu, Kang and Jin, Xin and Cheng, Shifen and Gao, Song and Yin, Ling and Lu, Feng},
  title     = {Act2Loc: A Synthetic Trajectory Generation Method by Combining Machine Learning and Mechanistic Models},
  journal   = {International Journal of Geographical Information Science},
  year      = {2023},
  volume    = {DOI: 10.1080/13658816.2023.2292570},
  note      = {Published December 2023},
}

@mastersthesis{bajarunas2022generative,
  author    = {Bajarunas, Kristupas V.},
  title     = {Generative Adversarial Networks for Vehicle Trajectory Generation},
  school    = {KTH Royal Institute of Technology},
  year      = {2022},
  note      = {Master's Programme, Machine Learning, 120 credits},
  type      = {Master's Thesis},
}

@inproceedings{cao2021generating,
  author    = {Cao, Chu and Li, Mo},
  title     = {Generating Mobility Trajectories with Retained Data Utility},
  booktitle = {Proceedings of the 27th ACM SIGKDD Conference on Knowledge Discovery and Data Mining (KDD '21)},
  year      = {2021},
  address   = {Virtual Event, Singapore},
  doi       = {10.1145/3447548.3467158},
  publisher = {Association for Computing Machinery},
}

@inproceedings{du2016recurrent,
  author    = {Du, Nan and Farajtabar, Mengrou and Zha, Hongyuan and Song, Le},
  title     = {Recurrent Marked Temporal Point Processes},
  booktitle = {Proceedings of the ACM SIGKDD International Conference on Knowledge Discovery and Data Mining},
  year      = {2016},
  publisher = {ACM},
}

@inproceedings{newson2009hidden,
  author    = {Newson, Paul and Krumm, John},
  title     = {Hidden Markov map matching through noise and sparseness},
  booktitle = {Proceedings of the ACM SIGSPATIAL International Conference on Advances in Geographic Information Systems (ACM GIS '09)},
  year      = {2009},
  address   = {Seattle, WA, USA},
}

@article{kong2023mobility,
  author    = {Kong, Xiangjie and Chen, Qiao and Hou, Mingliang and Wang, Hui and Xia, Feng},
  title     = {Mobility trajectory generation: a survey},
  journal   = {Artificial Intelligence Review},
  year      = {2023},
  doi       = {10.1007/s10462-023-10598-x},
}